@article{kleinschmidt2004e11,
  title={E11 as E10 representation at low levels},
  author={Kleinschmidt, Axel},
  journal={Nuclear physics. B},
  volume={677},
  number={3},
  pages={553--586},
  year={2004}
}

 @book{kac_2014,
 	title={Infinite dimensional lie algebras: an introduction},
 	publisher={Birkhauser},
 	author={Kac, Victor G.},
 	year={2014}} 

@article{pasechnik2001computing,
  title={On computing Hilbert bases via the Elliot--MacMahon algorithm},
  author={Pasechnik, Dmitrii V},
  journal={Theoretical computer science},
  volume={263},
  number={1-2},
  pages={37--46},
  year={2001},
  publisher={Elsevier}
}

@incollection{polymake2000,
    AUTHOR = {Gawrilow, Ewgenij and Joswig, Michael},
     TITLE = {{\tt polymake}: a framework for analyzing convex polytopes},
 BOOKTITLE = {Polytopes---combinatorics and computation ({O}berwolfach, 1997)},
    SERIES = {DMV Sem.},
    VOLUME = {29},
     PAGES = {43--73},
 PUBLISHER = {Birkh\"auser, Basel},
      YEAR = {2000},
   MRCLASS = {52B55 (68U05)},
  MRNUMBER = {1785292},
}  

@book{bruns2009polytopes,
  title={Polytopes, Rings, and K-Theory},
  author={Bruns, W. and Gubeladze, J.},
  isbn={9780387763569},
  lccn={2009926997},
  series={Springer Monographs in Mathematics},
  url={https://books.google.com/books?id=pbgg1pFxW8YC},
  year={2009},
  publisher={Springer New York}
}